<record><leader>00000cas a2200000 a 4500</leader><controlfield tag="001">13686168</controlfield><controlfield tag="008">860604d19141923okudn ne      0    0eng d</controlfield><datafield ind1=" " ind2=" " tag="010"><subfield code="a">sn 86064096 </subfield></datafield><datafield ind1=" " ind2=" " tag="040"><subfield code="a">KSH</subfield><subfield code="b">eng</subfield><subfield code="c">KSH</subfield><subfield code="d">NPT</subfield><subfield code="d">OBN</subfield><subfield code="d">OCL</subfield><subfield code="d">OCLCQ</subfield><subfield code="d">OCLCF</subfield><subfield code="d">OCLCO</subfield></datafield><datafield ind1="1" ind2=" " tag="029"><subfield code="a">AU@</subfield><subfield code="b">000022169612</subfield></datafield><datafield ind1=" " ind2=" " tag="042"><subfield code="a">msc</subfield></datafield><datafield ind1=" " ind2=" " tag="043"><subfield code="a">n-us-ok</subfield></datafield><datafield ind1="0" ind2=" " tag="130"><subfield code="a">Lawton news (Lawton, Okla. : 1914)</subfield></datafield><datafield ind1="1" ind2="4" tag="245"><subfield code="a">The Lawton news.</subfield></datafield><datafield ind1=" " ind2=" " tag="260"><subfield code="a">Lawton, Okla. :</subfield><subfield code="b">News-Republican Co.</subfield></datafield><datafield ind1=" " ind2=" " tag="300"><subfield code="a">v.</subfield></datafield><datafield ind1=" " ind2=" " tag="310"><subfield code="a">Daily (except Monday)</subfield></datafield><datafield ind1="0" ind2=" " tag="362"><subfield code="a">Vol. 12, no. 104 (Aug. 23, 1914)-v. 20, no. 231 (Feb. 22, 1923).</subfield></datafield><datafield ind1=" " ind2=" " tag="580"><subfield code="a">Issued with a Sunday supplement: The Farmers tribune, May 14.-July 2, 1922.</subfield></datafield><datafield ind1=" " ind2="0" tag="651"><subfield code="a">Lawton (Okla.)</subfield><subfield code="v">Newspapers.</subfield></datafield><datafield ind1=" " ind2="0" tag="651"><subfield code="a">Comanche County (Okla.)</subfield><subfield code="v">Newspapers.</subfield></datafield><datafield ind1=" " ind2="7" tag="655"><subfield code="a">Newspapers.</subfield><subfield code="2">fast</subfield><subfield code="0">(OCoLC)fst01423814</subfield></datafield><datafield ind1=" " ind2="7" tag="651"><subfield code="a">Oklahoma</subfield><subfield code="z">Comanche County.</subfield><subfield code="2">fast</subfield><subfield code="0">(OCoLC)fst01218116</subfield></datafield><datafield ind1=" " ind2="7" tag="651"><subfield code="a">Oklahoma</subfield><subfield code="z">Lawton.</subfield><subfield code="2">fast</subfield><subfield code="0">(OCoLC)fst01217418</subfield></datafield><datafield ind1=" " ind2=" " tag="752"><subfield code="a">United States</subfield><subfield code="b">Oklahoma</subfield><subfield code="c">Comanche</subfield><subfield code="d">Lawton.</subfield></datafield><datafield ind1="0" ind2=" " tag="777"><subfield code="t">Farmers tribune</subfield></datafield><datafield ind1="0" ind2="0" tag="780"><subfield code="t">Daily news and star (Lawton, Okla.)</subfield><subfield code="w">(DLC)sn 96087712</subfield><subfield code="w">(OCoLC)34605370</subfield></datafield><datafield ind1="0" ind2="4" tag="785"><subfield code="t">Lawton constitution (Weekly : 1911)</subfield><subfield code="w">(DLC)sn 96087822</subfield><subfield code="w">(OCoLC)34792408</subfield></datafield><datafield ind1="0" ind2="1" tag="785"><subfield code="t">Lawton news-review</subfield><subfield code="w">(DLC)sn 96087823</subfield><subfield code="w">(OCoLC)34792544</subfield></datafield></record>